<?xml version="1.0" encoding="UTF-8"?><record xmlns="http://www.loc.gov/MARC21/slim" xmlns:cinclude="http://apache.org/cocoon/include/1.0" xmlns:zs="http://www.loc.gov/zing/srw/">
  <leader>01042cz  a2200253n  4500</leader>
  <controlfield tag="001">n  85032914 </controlfield>
  <controlfield tag="003">DLC</controlfield>
  <controlfield tag="005">20080906080239.0</controlfield>
  <controlfield tag="008">850624n| acannaabn          |b aaa      </controlfield>
  <datafield tag="010" ind1=" " ind2=" ">
    <subfield code="a">n  85032914 </subfield>
  </datafield>
  <datafield tag="035" ind1=" " ind2=" ">
    <subfield code="a">(OCoLC)oca01363651</subfield>
  </datafield>
  <datafield tag="040" ind1=" " ind2=" ">
    <subfield code="a">DLC</subfield>
    <subfield code="b">eng</subfield>
    <subfield code="c">DLC</subfield>
    <subfield code="d">DLC</subfield>
    <subfield code="d">DLC-R</subfield>
    <subfield code="d">OCoLC</subfield>
  </datafield>
  <datafield tag="100" ind1="1" ind2=" ">
    <subfield code="a">Ōno, Ungai,</subfield>
    <subfield code="d">1863-1938</subfield>
  </datafield>
  <datafield tag="400" ind1="1" ind2=" ">
    <subfield code="a">Ōno, Nobutarō,</subfield>
    <subfield code="d">1863-1938</subfield>
  </datafield>
  <datafield tag="400" ind1="1" ind2=" ">
    <subfield code="a">Ōno, Entarō,</subfield>
    <subfield code="d">1863-1938</subfield>
  </datafield>
  <datafield tag="400" ind1="1" ind2=" ">
    <subfield code="a">大野延太郎,</subfield>
    <subfield code="d">1863-1938</subfield>
  </datafield>
  <datafield tag="400" ind1="1" ind2=" ">
    <subfield code="a">大野雲外,</subfield>
    <subfield code="d">1863-1938</subfield>
  </datafield>
  <datafield tag="667" ind1=" " ind2=" ">
    <subfield code="a">Machine-derived non-Latin script reference project.</subfield>
  </datafield>
  <datafield tag="667" ind1=" " ind2=" ">
    <subfield code="a">Non-Latin script references not evaluated.</subfield>
  </datafield>
  <datafield tag="670" ind1=" " ind2=" ">
    <subfield code="a">His Kodai Nihon ibutsu iseki no kenkyū, 1925:</subfield>
    <subfield code="b">t.p. (Ōno Ungai)</subfield>
  </datafield>
  <datafield tag="670" ind1=" " ind2=" ">
    <subfield code="a">LC manual auth. cd.</subfield>
    <subfield code="b">(hdg.: Ōno, Ungai, 1863-1938; variant: Ōno Nobutarō)</subfield>
  </datafield>
  <datafield tag="670" ind1=" " ind2=" ">
    <subfield code="a">His Senshi kōko zufu, 1904:</subfield>
    <subfield code="b">t.p. (Ōno Entarō; asst., Tōkyō Teikoku Daigaku Rika Daigaku) pref. (Ungai)</subfield>
  </datafield>
  <datafield tag="670" ind1=" " ind2=" ">
    <subfield code="a">NDL choshamei, 1979</subfield>
    <subfield code="b">(Ōno Ungai, ref. fr. Ōno Entarō)</subfield>
  </datafield>
  <datafield tag="675" ind1=" " ind2=" ">
    <subfield code="a">Kenkyūsha sōran, shizen, 1961.</subfield>
  </datafield>
</record>